
  <marc:record>
  <marc:leader>00000ncm a22000007i 4500</marc:leader>
  <marc:controlfield>260616s1985    xx   u         n    mul d</marc:controlfield>
  <marc:datafield tag="040" ind1=" " ind2=" ">
    <marc:subfield code="a">IUL</marc:subfield>
    <marc:subfield code="b">eng</marc:subfield>
    <marc:subfield code="e">rda</marc:subfield>
    <marc:subfield code="c">IUL</marc:subfield>
  </marc:datafield>
  <marc:datafield tag="041" ind1=" " ind2=" ">
    <marc:subfield code="a">heb</marc:subfield>
    <marc:subfield code="a">eng</marc:subfield>
  </marc:datafield>
  <marc:datafield tag="049" ind1=" " ind2=" ">
    <marc:subfield code="a">IULA</marc:subfield>
  </marc:datafield>
  <marc:datafield tag="100" ind1="1" ind2=" ">
    <marc:subfield code="a">Da-Oz, Ram,</marc:subfield>
    <marc:subfield code="d">1929-2021,</marc:subfield>
    <marc:subfield code="e">composer</marc:subfield>
  </marc:datafield>
  <marc:datafield tag="245" ind1="1" ind2="0">
    <marc:subfield code="a">משחקים לפסנטרנים צעירים, 6 ידיים - פסנטר אחד = Games, for young pianists, 6 hands - one piano.</marc:subfield>
  </marc:datafield>
  <marc:datafield tag="264" ind1=" " ind2="4">
    <marc:subfield code="c">c1985</marc:subfield>
  </marc:datafield>
  <marc:datafield tag="300" ind1=" " ind2=" ">
    <marc:subfield code="a">1 score (6 pages)</marc:subfield>
    <marc:subfield code="c">38 cm</marc:subfield>
    <marc:subfield code="a">1</marc:subfield>
    <marc:subfield code="f">folder(s)</marc:subfield>
  </marc:datafield>
  <marc:datafield tag="336" ind1=" " ind2=" ">
    <marc:subfield code="a">text</marc:subfield>
    <marc:subfield code="b">txt</marc:subfield>
    <marc:subfield code="2">rdacontent</marc:subfield>
  </marc:datafield>
  <marc:datafield tag="336" ind1=" " ind2=" ">
    <marc:subfield code="a">notated music</marc:subfield>
    <marc:subfield code="b">ntm</marc:subfield>
    <marc:subfield code="2">rdacontent</marc:subfield>
  </marc:datafield>
  <marc:datafield tag="337" ind1=" " ind2=" ">
    <marc:subfield code="a">unmediated</marc:subfield>
    <marc:subfield code="b">n</marc:subfield>
    <marc:subfield code="2">rdacontent</marc:subfield>
  </marc:datafield>
  <marc:datafield tag="338" ind1=" " ind2=" ">
    <marc:subfield code="a">sheet</marc:subfield>
    <marc:subfield code="b">nb</marc:subfield>
    <marc:subfield code="2">rdacontent</marc:subfield>
  </marc:datafield>
  <marc:datafield tag="500" ind1=" " ind2=" ">
    <marc:subfield code="a">Transliterated title: Mishḥakim le-feṣanṭernim tsa'irim: 6 yadayim - peṣanṭer eḥad.</marc:subfield>
  </marc:datafield>
  <marc:datafield tag="506" ind1=" " ind2=" ">
    <marc:subfield code="a">This item is part of a collection that is open for research. Retrieval requires advance notice. Please contact the Cook Music Library to access this item.</marc:subfield>
  </marc:datafield>
  <marc:datafield tag="520" ind1="2" ind2=" ">
    <marc:subfield code="a">Printed score for piano 6 hands.</marc:subfield>
  </marc:datafield>
  <marc:datafield tag="546" ind1=" " ind2=" ">
    <marc:subfield code="a">Hebrew, English.</marc:subfield>
  </marc:datafield>
  <marc:datafield tag="555" ind1=" " ind2=" ">
    <marc:subfield code="a">Finding aid (work): </marc:subfield>
    <marc:subfield code="u">https://archives.iu.edu/catalog/VAE4896</marc:subfield>
  </marc:datafield>
  <marc:datafield tag="630" ind1="0" ind2="7">
    <marc:subfield code="a">Da-Oz, Ram, 1929- Miśḥaḳim li-fesanteranim tseʻirim</marc:subfield>
    <marc:subfield code="2">lcnaf</marc:subfield>
  </marc:datafield>
  <marc:datafield tag="650" ind1=" " ind2="0">
    <marc:subfield code="a">Piano music (6 hands)</marc:subfield>
  </marc:datafield>
  <marc:datafield tag="650" ind1=" " ind2="0">
    <marc:subfield code="a">Piano music</marc:subfield>
    <marc:subfield code="v">Juvenile</marc:subfield>
  </marc:datafield>
  <marc:datafield tag="690" ind1=" " ind2="7">
    <marc:subfield code="a">Alice and Hans Tischler Collection.</marc:subfield>
    <marc:subfield code="2">local</marc:subfield>
    <marc:subfield code="5">Inu-MuID</marc:subfield>
  </marc:datafield>
  <marc:datafield tag="856" ind1="4" ind2="2">
    <marc:subfield code="3">Finding aid</marc:subfield>
    <marc:subfield code="u">https://archives.iu.edu/catalog/VAE4896_aspace_7552c3b96813c55a4fc2e9e7760f15cc</marc:subfield>
  </marc:datafield>
</marc:record>