
  <marc:record>
  <marc:leader>00000ncm a22000007i 4500</marc:leader>
  <marc:controlfield>260616s1972    xx   u         n    mul d</marc:controlfield>
  <marc:datafield tag="040" ind1=" " ind2=" ">
    <marc:subfield code="a">IUL</marc:subfield>
    <marc:subfield code="b">eng</marc:subfield>
    <marc:subfield code="e">rda</marc:subfield>
    <marc:subfield code="c">IUL</marc:subfield>
  </marc:datafield>
  <marc:datafield tag="041" ind1=" " ind2=" ">
    <marc:subfield code="a">heb</marc:subfield>
    <marc:subfield code="a">eng</marc:subfield>
  </marc:datafield>
  <marc:datafield tag="049" ind1=" " ind2=" ">
    <marc:subfield code="a">IULA</marc:subfield>
  </marc:datafield>
  <marc:datafield tag="028" ind1="5" ind2=" ">
    <marc:subfield code="a">ML 217</marc:subfield>
  </marc:datafield>
  <marc:datafield tag="100" ind1="1" ind2=" ">
    <marc:subfield code="a">Melamed, Nissan Cohen,</marc:subfield>
    <marc:subfield code="d">1906-1983,</marc:subfield>
    <marc:subfield code="e">composer</marc:subfield>
  </marc:datafield>
  <marc:datafield tag="245" ind1="1" ind2="0">
    <marc:subfield code="a">רננים א, מבחר שירים = Renanim I, selected songs.</marc:subfield>
  </marc:datafield>
  <marc:datafield tag="264" ind1=" " ind2="4">
    <marc:subfield code="c">c1972</marc:subfield>
  </marc:datafield>
  <marc:datafield tag="300" ind1=" " ind2=" ">
    <marc:subfield code="a">1 score (85 pages)</marc:subfield>
    <marc:subfield code="c">24 cm</marc:subfield>
    <marc:subfield code="a">1</marc:subfield>
    <marc:subfield code="f">folder(s)</marc:subfield>
  </marc:datafield>
  <marc:datafield tag="336" ind1=" " ind2=" ">
    <marc:subfield code="a">text</marc:subfield>
    <marc:subfield code="b">txt</marc:subfield>
    <marc:subfield code="2">rdacontent</marc:subfield>
  </marc:datafield>
  <marc:datafield tag="336" ind1=" " ind2=" ">
    <marc:subfield code="a">notated music</marc:subfield>
    <marc:subfield code="b">ntm</marc:subfield>
    <marc:subfield code="2">rdacontent</marc:subfield>
  </marc:datafield>
  <marc:datafield tag="337" ind1=" " ind2=" ">
    <marc:subfield code="a">unmediated</marc:subfield>
    <marc:subfield code="b">n</marc:subfield>
    <marc:subfield code="2">rdacontent</marc:subfield>
  </marc:datafield>
  <marc:datafield tag="338" ind1=" " ind2=" ">
    <marc:subfield code="a">sheet</marc:subfield>
    <marc:subfield code="b">nb</marc:subfield>
    <marc:subfield code="2">rdacontent</marc:subfield>
  </marc:datafield>
  <marc:datafield tag="500" ind1=" " ind2=" ">
    <marc:subfield code="a">Transliterated title: Renanim A, mevaḥer shirim.</marc:subfield>
  </marc:datafield>
  <marc:datafield tag="506" ind1=" " ind2=" ">
    <marc:subfield code="a">This item is part of a collection that is open for research. Retrieval requires advance notice. Please contact the Cook Music Library to access this item.</marc:subfield>
  </marc:datafield>
  <marc:datafield tag="520" ind1="2" ind2=" ">
    <marc:subfield code="a">Printed score for solo voice.</marc:subfield>
  </marc:datafield>
  <marc:datafield tag="546" ind1=" " ind2=" ">
    <marc:subfield code="a">Hebrew, English.</marc:subfield>
  </marc:datafield>
  <marc:datafield tag="555" ind1=" " ind2=" ">
    <marc:subfield code="a">Finding aid (work): </marc:subfield>
    <marc:subfield code="u">https://archives.iu.edu/catalog/VAE4896</marc:subfield>
  </marc:datafield>
  <marc:datafield tag="650" ind1=" " ind2="0">
    <marc:subfield code="a">Fasts and feasts</marc:subfield>
    <marc:subfield code="x">Judaism</marc:subfield>
    <marc:subfield code="x">Songs and music</marc:subfield>
  </marc:datafield>
  <marc:datafield tag="650" ind1=" " ind2="0">
    <marc:subfield code="a">Sabbath</marc:subfield>
    <marc:subfield code="x">Songs and music</marc:subfield>
  </marc:datafield>
  <marc:datafield tag="650" ind1=" " ind2="0">
    <marc:subfield code="a">Songs, Hebrew</marc:subfield>
  </marc:datafield>
  <marc:datafield tag="690" ind1=" " ind2="7">
    <marc:subfield code="a">Alice and Hans Tischler Collection.</marc:subfield>
    <marc:subfield code="2">local</marc:subfield>
    <marc:subfield code="5">Inu-MuID</marc:subfield>
  </marc:datafield>
  <marc:datafield tag="700" ind1="1" ind2=" ">
    <marc:subfield code="a">Kaplan, Shlomo</marc:subfield>
  </marc:datafield>
  <marc:datafield tag="856" ind1="4" ind2="2">
    <marc:subfield code="3">Finding aid</marc:subfield>
    <marc:subfield code="u">https://archives.iu.edu/catalog/VAE4896_aspace_1fcceada86053e8d23c75a605d9b7515</marc:subfield>
  </marc:datafield>
</marc:record>