
  <marc:record>
  <!--NOTE: OCLC no. 58417119 is listed as an identifier in this record.
Check and consider updating the existing OCLC record.
-->
  <marc:leader>00000npm a22000007i 4500</marc:leader>
  <marc:controlfield>260616s2002    xx                 und d</marc:controlfield>
  <marc:datafield tag="040" ind1=" " ind2=" ">
    <marc:subfield code="a">IUL</marc:subfield>
    <marc:subfield code="b">eng</marc:subfield>
    <marc:subfield code="e">rda</marc:subfield>
    <marc:subfield code="c">IUL</marc:subfield>
  </marc:datafield>
  <marc:datafield tag="049" ind1=" " ind2=" ">
    <marc:subfield code="a">IULA</marc:subfield>
  </marc:datafield>
  <marc:datafield tag="024" ind1="8" ind2=" ">
    <marc:subfield code="a">CD .A236 Ge.1</marc:subfield>
  </marc:datafield>
  <marc:datafield tag="024" ind1="7" ind2=" ">
    <marc:subfield code="a">58417119</marc:subfield>
    <marc:subfield code="2">oclc</marc:subfield>
  </marc:datafield>
  <marc:datafield tag="100" ind1="1" ind2=" ">
    <marc:subfield code="a">Adler, Ayal,</marc:subfield>
    <marc:subfield code="d">1968-,</marc:subfield>
    <marc:subfield code="e">composer</marc:subfield>
  </marc:datafield>
  <marc:datafield tag="245" ind1="1" ind2="0">
    <marc:subfield code="a">עבודות 1997-1999.</marc:subfield>
  </marc:datafield>
  <marc:datafield tag="264" ind1=" " ind2="4">
    <marc:subfield code="c">c2002</marc:subfield>
  </marc:datafield>
  <marc:datafield tag="300" ind1=" " ind2=" ">1 item</marc:datafield>
  <marc:datafield tag="506" ind1=" " ind2=" ">
    <marc:subfield code="a">This item is part of a collection that is open for research. Retrieval requires advance notice. Please contact the Cook Music Library to access this item.</marc:subfield>
  </marc:datafield>
  <marc:datafield tag="520" ind1="2" ind2=" ">
    <marc:subfield code="a">Misterioso (1997) for piano - Voyages (1999) for orchestra - Dialogues (1998) for piano and chamber ensemble.</marc:subfield>
  </marc:datafield>
  <marc:datafield tag="555" ind1=" " ind2=" ">
    <marc:subfield code="a">Finding aid (work): </marc:subfield>
    <marc:subfield code="u">https://archives.iu.edu/catalog/VAE4896</marc:subfield>
  </marc:datafield>
  <marc:datafield tag="690" ind1=" " ind2="7">
    <marc:subfield code="a">Alice and Hans Tischler Collection.</marc:subfield>
    <marc:subfield code="2">local</marc:subfield>
    <marc:subfield code="5">Inu-MuID</marc:subfield>
  </marc:datafield>
  <!-- NOTE: Authority 91024256 could not be fetched (connection timeout). Field was constructed manually. -->
  <marc:datafield tag="700" ind1="1" ind2=" ">
    <marc:subfield code="a">Grant, Stewart</marc:subfield>
  </marc:datafield>
  <!-- NOTE: Authority 98113971 could not be fetched (connection timeout). Field was constructed manually. -->
  <marc:datafield tag="700" ind1="1" ind2=" ">
    <marc:subfield code="a">Weisner, Daniel</marc:subfield>
    <marc:subfield code="e">performer</marc:subfield>
  </marc:datafield>
  <!-- NOTE: Authority 99833722 could not be fetched (connection timeout). Field was constructed manually. -->
  <marc:datafield tag="700" ind1="1" ind2=" ">
    <marc:subfield code="a">Bouliane, Denys,</marc:subfield>
    <marc:subfield code="d">1955-</marc:subfield>
  </marc:datafield>
  <!-- NOTE: Authority 94035775 could not be fetched (connection timeout). Field was constructed manually. -->
  <marc:datafield tag="700" ind1="0" ind2=" ">
    <marc:subfield code="a">McGill Chamber Orchestra</marc:subfield>
    <marc:subfield code="e">performer</marc:subfield>
  </marc:datafield>
  <marc:datafield tag="856" ind1="4" ind2="2">
    <marc:subfield code="3">Finding aid</marc:subfield>
    <marc:subfield code="u">https://archives.iu.edu/catalog/VAE4896_aspace_6693383808c12afbfcf2d6d938915e8f</marc:subfield>
  </marc:datafield>
</marc:record>