
  <marc:record>
  <!--NOTE: OCLC no. 39867066 is listed as an identifier in this record.
Check and consider updating the existing OCLC record.
-->
  <marc:leader>00000npm a22000007i 4500</marc:leader>
  <marc:controlfield>260616s1997    xx                 mul d</marc:controlfield>
  <marc:datafield tag="040" ind1=" " ind2=" ">
    <marc:subfield code="a">IUL</marc:subfield>
    <marc:subfield code="b">eng</marc:subfield>
    <marc:subfield code="e">rda</marc:subfield>
    <marc:subfield code="c">IUL</marc:subfield>
  </marc:datafield>
  <marc:datafield tag="041" ind1=" " ind2=" ">
    <marc:subfield code="a">heb</marc:subfield>
    <marc:subfield code="a">eng</marc:subfield>
  </marc:datafield>
  <marc:datafield tag="049" ind1=" " ind2=" ">
    <marc:subfield code="a">IULA</marc:subfield>
  </marc:datafield>
  <marc:datafield tag="024" ind1="8" ind2=" ">
    <marc:subfield code="a">CD .F5956 Ge.1</marc:subfield>
  </marc:datafield>
  <marc:datafield tag="024" ind1="7" ind2=" ">
    <marc:subfield code="a">39867066</marc:subfield>
    <marc:subfield code="2">oclc</marc:subfield>
  </marc:datafield>
  <marc:datafield tag="028" ind1="5" ind2=" ">
    <marc:subfield code="a">VMM 2023</marc:subfield>
  </marc:datafield>
  <marc:datafield tag="100" ind1="1" ind2=" ">
    <marc:subfield code="a">Fleischer, Tsippi,</marc:subfield>
    <marc:subfield code="e">composer</marc:subfield>
  </marc:datafield>
  <marc:datafield tag="245" ind1="1" ind2="0">
    <marc:subfield code="a">Around the world with Tsippi Fleischer.</marc:subfield>
  </marc:datafield>
  <marc:datafield tag="264" ind1=" " ind2="4">
    <marc:subfield code="c">c1997</marc:subfield>
  </marc:datafield>
  <marc:datafield tag="300" ind1=" " ind2=" ">1 item</marc:datafield>
  <marc:datafield tag="506" ind1=" " ind2=" ">
    <marc:subfield code="a">This item is part of a collection that is open for research. Retrieval requires advance notice. Please contact the Cook Music Library to access this item.</marc:subfield>
  </marc:datafield>
  <marc:datafield tag="520" ind1="2" ind2=" ">
    <marc:subfield code="a">In chromatic mood : [for piano] 1986 -- Masks and pipes : [for recorder] 1995 -- The clock wants to sleep : [for children's choir] 1981 [sung in Hebrew] -- Resuscitation : five miniatures for solo cello : 1981 -- 7 of 10 Fragments : for oboe, clarinet and bassoon (1984) -- Girl-butterfly-girl. Piece of earth : [for mezzo-soprano, flute, and guitar] (1977/92) [sung in Arabic] -- Ballad of expected death in Cairo : [for tenor, 3 violins, and piano] 1987 [sung in Arabic] -- To the fruit of my land : [for guitar] 1981 -- War : [for winds instruments and percussion] 1988 -- Mein Volk : [for mezzo-soprano and guitar] 1995 [sung in German] -- Girl-butterfly-girl : [for mezzo-soprano, flute, and violoncello] (1977/96). Piece of earth, The coffin with its lid remote [sung in Arabic] -- Salt crystals : for symphony orchestra (1995) -- Strings-bow and arrow : [for violin, string ensemble, and Arabic drums] 1995.</marc:subfield>
  </marc:datafield>
  <marc:datafield tag="546" ind1=" " ind2=" ">
    <marc:subfield code="a">Hebrew, English.</marc:subfield>
  </marc:datafield>
  <marc:datafield tag="555" ind1=" " ind2=" ">
    <marc:subfield code="a">Finding aid (work): </marc:subfield>
    <marc:subfield code="u">https://archives.iu.edu/catalog/VAE4896</marc:subfield>
  </marc:datafield>
  <marc:datafield tag="690" ind1=" " ind2="7">
    <marc:subfield code="a">Alice and Hans Tischler Collection.</marc:subfield>
    <marc:subfield code="2">local</marc:subfield>
    <marc:subfield code="5">Inu-MuID</marc:subfield>
  </marc:datafield>
  <marc:datafield tag="856" ind1="4" ind2="2">
    <marc:subfield code="3">Finding aid</marc:subfield>
    <marc:subfield code="u">https://archives.iu.edu/catalog/VAE4896_aspace_12bf7af5113403ca0d897299f94699c9</marc:subfield>
  </marc:datafield>
</marc:record>