
  <marc:record>
  <!--NOTE: OCLC no. 70586156 is listed as an identifier in this record.
Check and consider updating the existing OCLC record.
-->
  <marc:leader>00000npm a22000007i 4500</marc:leader>
  <marc:controlfield>260616s2005    xx                 mul d</marc:controlfield>
  <marc:datafield tag="040" ind1=" " ind2=" ">
    <marc:subfield code="a">IUL</marc:subfield>
    <marc:subfield code="b">eng</marc:subfield>
    <marc:subfield code="e">rda</marc:subfield>
    <marc:subfield code="c">IUL</marc:subfield>
  </marc:datafield>
  <marc:datafield tag="041" ind1=" " ind2=" ">
    <marc:subfield code="a">heb</marc:subfield>
    <marc:subfield code="a">eng</marc:subfield>
  </marc:datafield>
  <marc:datafield tag="049" ind1=" " ind2=" ">
    <marc:subfield code="a">IULA</marc:subfield>
  </marc:datafield>
  <marc:datafield tag="024" ind1="8" ind2=" ">
    <marc:subfield code="a">7065734</marc:subfield>
  </marc:datafield>
  <marc:datafield tag="024" ind1="7" ind2=" ">
    <marc:subfield code="a">70586156</marc:subfield>
    <marc:subfield code="2">oclc</marc:subfield>
  </marc:datafield>
  <marc:datafield tag="100" ind1="1" ind2=" ">
    <marc:subfield code="a">Ben-Yohanan, Asher,</marc:subfield>
    <marc:subfield code="d">1929-2015,</marc:subfield>
    <marc:subfield code="e">composer</marc:subfield>
  </marc:datafield>
  <marc:datafield tag="245" ind1="1" ind2="0">
    <marc:subfield code="a">Asher Ben-Yohanan : a composer's profile.</marc:subfield>
  </marc:datafield>
  <marc:datafield tag="264" ind1=" " ind2="4">
    <marc:subfield code="c">c2005</marc:subfield>
  </marc:datafield>
  <marc:datafield tag="300" ind1=" " ind2=" ">1 item</marc:datafield>
  <marc:datafield tag="506" ind1=" " ind2=" ">
    <marc:subfield code="a">This item is part of a collection that is open for research. Retrieval requires advance notice. Please contact the Cook Music Library to access this item.</marc:subfield>
  </marc:datafield>
  <marc:datafield tag="520" ind1="2" ind2=" ">
    <marc:subfield code="a">Festive overture (Jerusalem Symphony Orchestra; David Shallon, conductor) (8:56) -- Two movements for orchestra (Jerusalem Symphony Orchestra; Mendi Rodan, conductor) (11:34) -- Ode to Jerusalem ("Kol Israel" choirs, Jerusalem and Tel-Aviv; Eitan Lustig, conductor) (4:55) -- Prelude and toccata (Sarah Fuxon-Heyman, piano) (5:40) -- Chamber music for six (Claudia Anderson, flute; Gerard Errante, clarinet; Carol Conti, horn; Barrett Kushner, violin; Herbert Karpicke, viola; Terry Whelan, contrabass; Robert Jones, conductor) (5:38) -- Quartetto concertato (Thomas Trobaugh, piano; Robert Essock, clarinet; Jeffrey Konicek, trombone; Richard Peepo, violoncello; Yehuda Yannay, conductor) (7:06) -- Soliloquy (Charles Sherba, violin) (9:32) -- Impressions (Sarah Fuxon-Heyman, piano) (6:10) -- Woodwind quintet (Emma Niesl, flute; Rita Mitchell, oboe; Stephen Ahearn, clarinet; Jennifer Greupner, horn; Lucas Dickinson, bassoon) (7:52).</marc:subfield>
  </marc:datafield>
  <marc:datafield tag="546" ind1=" " ind2=" ">
    <marc:subfield code="a">Hebrew, English.</marc:subfield>
  </marc:datafield>
  <marc:datafield tag="555" ind1=" " ind2=" ">
    <marc:subfield code="a">Finding aid (work): </marc:subfield>
    <marc:subfield code="u">https://archives.iu.edu/catalog/VAE4896</marc:subfield>
  </marc:datafield>
  <marc:datafield tag="690" ind1=" " ind2="7">
    <marc:subfield code="a">Alice and Hans Tischler Collection.</marc:subfield>
    <marc:subfield code="2">local</marc:subfield>
    <marc:subfield code="5">Inu-MuID</marc:subfield>
  </marc:datafield>
  <marc:datafield tag="856" ind1="4" ind2="2">
    <marc:subfield code="3">Finding aid</marc:subfield>
    <marc:subfield code="u">https://archives.iu.edu/catalog/VAE4896_aspace_ceffa7fb7da064516f0d1c0514a469a0</marc:subfield>
  </marc:datafield>
</marc:record>