
  <marc:record>
  <!--NOTE: OCLC no. 869476936 is listed as an identifier in this record.
Check and consider updating the existing OCLC record.
-->
  <marc:leader>00000npm a22000007i 4500</marc:leader>
  <marc:controlfield>260616s2005    xx                 mul d</marc:controlfield>
  <marc:datafield tag="040" ind1=" " ind2=" ">
    <marc:subfield code="a">IUL</marc:subfield>
    <marc:subfield code="b">eng</marc:subfield>
    <marc:subfield code="e">rda</marc:subfield>
    <marc:subfield code="c">IUL</marc:subfield>
  </marc:datafield>
  <marc:datafield tag="041" ind1=" " ind2=" ">
    <marc:subfield code="a">ara</marc:subfield>
    <marc:subfield code="a">heb</marc:subfield>
    <marc:subfield code="a">eng</marc:subfield>
    <marc:subfield code="a">ara</marc:subfield>
    <marc:subfield code="a">heb</marc:subfield>
  </marc:datafield>
  <marc:datafield tag="049" ind1=" " ind2=" ">
    <marc:subfield code="a">IULA</marc:subfield>
  </marc:datafield>
  <marc:datafield tag="024" ind1="8" ind2=" ">
    <marc:subfield code="a">CD .F5956 D.2</marc:subfield>
  </marc:datafield>
  <marc:datafield tag="024" ind1="7" ind2=" ">
    <marc:subfield code="a">869476936</marc:subfield>
    <marc:subfield code="2">oclc</marc:subfield>
  </marc:datafield>
  <marc:datafield tag="028" ind1="5" ind2=" ">
    <marc:subfield code="a">DD 35362</marc:subfield>
  </marc:datafield>
  <marc:datafield tag="100" ind1="1" ind2=" ">
    <marc:subfield code="a">Fleischer, Tsippi,</marc:subfield>
    <marc:subfield code="e">composer</marc:subfield>
  </marc:datafield>
  <marc:datafield tag="245" ind1="1" ind2="0">
    <marc:subfield code="a">Girl butterfly girl : a world journey.</marc:subfield>
  </marc:datafield>
  <marc:datafield tag="264" ind1=" " ind2="4">
    <marc:subfield code="c">c2005</marc:subfield>
  </marc:datafield>
  <marc:datafield tag="300" ind1=" " ind2=" ">1 item</marc:datafield>
  <marc:datafield tag="506" ind1=" " ind2=" ">
    <marc:subfield code="a">This item is part of a collection that is open for research. Retrieval requires advance notice. Please contact the Cook Music Library to access this item.</marc:subfield>
  </marc:datafield>
  <marc:datafield tag="520" ind1="2" ind2=" ">
    <marc:subfield code="a">Whole cycle : mezzo soprano, a cappella (8:22) -- Song no. 1 : [Piece of earth = al-Ḍayʻah = Aḥuzah / Fu'ad Rifḳa]. Oud solo (1:01) ; Mezzo-soprano, oud, vihuel (3:06) ; Mezzo-soprano, flute, guitar (2:41) ; Soprano, flute, piano (2:41) ; Mezzo-soprano, Renaissance recorders, harpsichord (2:34) ; Soprano, flute, harpsichord (3:06) ; Piano, 4 hands (3:18) -- Song no. 2 : [Eyelids = al-Rumūsh = ʻAfʻapayim / Shawḳi Abi-Shaḳra]. Oud solo (1:18) ; Soprano, oriental violin, oud (1:30) ; Mezzo-soprano, oud, vihuel (1:26) ; Mezzo-soprano, flute, piano (1:21) -- Song no. 3 : [The coffin with its lid removed = al-Naʻsh dhū al-ghiṭāʼ al-baʻīd = Aron ha-metim she-mikhśehu raḥoḳ / Muhammad Al-Maghut]. Oud solo (1:37) ; Mezzo-soprano, oud, vihuel (2:25) ; Mezzo-soprano, flute, cello (2:31) ; Mezzo-soprano, guitar (2:35) ; Flute, bass flute, piano (1:55) ; Flute, piano (1:44) -- Song no. 4 : [Girl-butterly-girl = Fatāh farāshah fatāh = Naʻarah parpar naʻarah / Unsi Al-Hajj]. Mezzo-soprano, a cappella (3:24) ; Baritone, a cappella (5:27) ; Chorus (2:43) ; Soprano, a cappella (2:08).</marc:subfield>
  </marc:datafield>
  <marc:datafield tag="546" ind1=" " ind2=" ">
    <marc:subfield code="a">Arabic, Hebrew, English, Arabic, Hebrew.</marc:subfield>
  </marc:datafield>
  <marc:datafield tag="555" ind1=" " ind2=" ">
    <marc:subfield code="a">Finding aid (work): </marc:subfield>
    <marc:subfield code="u">https://archives.iu.edu/catalog/VAE4896</marc:subfield>
  </marc:datafield>
  <marc:datafield tag="690" ind1=" " ind2="7">
    <marc:subfield code="a">Alice and Hans Tischler Collection.</marc:subfield>
    <marc:subfield code="2">local</marc:subfield>
    <marc:subfield code="5">Inu-MuID</marc:subfield>
  </marc:datafield>
  <marc:datafield tag="700" ind1="1" ind2=" ">
    <marc:subfield code="a">Hand, Richard,</marc:subfield>
    <marc:subfield code="d">1960-2011,</marc:subfield>
    <marc:subfield code="e">performer</marc:subfield>
  </marc:datafield>
  <marc:datafield tag="700" ind1="1" ind2=" ">
    <marc:subfield code="a">Tal, Rami</marc:subfield>
    <marc:subfield code="c">(Flutist),</marc:subfield>
    <marc:subfield code="e">performer</marc:subfield>
  </marc:datafield>
  <marc:datafield tag="856" ind1="4" ind2="2">
    <marc:subfield code="3">Finding aid</marc:subfield>
    <marc:subfield code="u">https://archives.iu.edu/catalog/VAE4896_aspace_573e47c556823b8e297ff137645fe059</marc:subfield>
  </marc:datafield>
</marc:record>