
  <marc:record>
  <!--NOTE: OCLC no. 234128212 is listed as an identifier in this record.
Check and consider updating the existing OCLC record.
-->
  <marc:leader>00000npm a22000007i 4500</marc:leader>
  <marc:controlfield>260616s2003    xx                 und d</marc:controlfield>
  <marc:datafield tag="040" ind1=" " ind2=" ">
    <marc:subfield code="a">IUL</marc:subfield>
    <marc:subfield code="b">eng</marc:subfield>
    <marc:subfield code="e">rda</marc:subfield>
    <marc:subfield code="c">IUL</marc:subfield>
  </marc:datafield>
  <marc:datafield tag="049" ind1=" " ind2=" ">
    <marc:subfield code="a">IULA</marc:subfield>
  </marc:datafield>
  <marc:datafield tag="024" ind1="8" ind2=" ">
    <marc:subfield code="a">CD .K2663 Ge.2</marc:subfield>
  </marc:datafield>
  <marc:datafield tag="024" ind1="7" ind2=" ">
    <marc:subfield code="a">234128212</marc:subfield>
    <marc:subfield code="2">oclc</marc:subfield>
  </marc:datafield>
  <marc:datafield tag="028" ind1="5" ind2=" ">
    <marc:subfield code="a">MFEK 0703</marc:subfield>
  </marc:datafield>
  <!-- NOTE: Authority 2006023099 could not be fetched (connection timeout). Field was constructed manually. -->
  <marc:datafield tag="100" ind1="1" ind2=" ">
    <marc:subfield code="a">Kefeli, Abraham</marc:subfield>
    <marc:subfield code="e">performer</marc:subfield>
  </marc:datafield>
  <marc:datafield tag="245" ind1="1" ind2="0">
    <marc:subfield code="a">Music from Ein Kerem 2003.</marc:subfield>
  </marc:datafield>
  <marc:datafield tag="264" ind1=" " ind2="4">
    <marc:subfield code="c">c2003</marc:subfield>
  </marc:datafield>
  <marc:datafield tag="300" ind1=" " ind2=" ">1 item</marc:datafield>
  <marc:datafield tag="506" ind1=" " ind2=" ">
    <marc:subfield code="a">This item is part of a collection that is open for research. Retrieval requires advance notice. Please contact the Cook Music Library to access this item.</marc:subfield>
  </marc:datafield>
  <marc:datafield tag="520" ind1="2" ind2=" ">
    <marc:subfield code="a">Arpegiatto (2000) - Sacred reminiscence (2002) - Two pieces for oboe and band (2001) - Five flights of a one day butterfly (1990) - piano sonata (1991) - Legend (1993).</marc:subfield>
  </marc:datafield>
  <marc:datafield tag="555" ind1=" " ind2=" ">
    <marc:subfield code="a">Finding aid (work): </marc:subfield>
    <marc:subfield code="u">https://archives.iu.edu/catalog/VAE4896</marc:subfield>
  </marc:datafield>
  <marc:datafield tag="690" ind1=" " ind2="7">
    <marc:subfield code="a">Alice and Hans Tischler Collection.</marc:subfield>
    <marc:subfield code="2">local</marc:subfield>
    <marc:subfield code="5">Inu-MuID</marc:subfield>
  </marc:datafield>
  <!-- NOTE: Authority 2005056762 could not be fetched (connection timeout). Field was constructed manually. -->
  <marc:datafield tag="710" ind1="2" ind2=" ">
    <marc:subfield code="a">Rostovskiĭ akademicheskiĭ simfonicheskiĭ orkestr,</marc:subfield>
    <marc:subfield code="e">performer</marc:subfield>
  </marc:datafield>
  <!-- NOTE: Authority 2022143373 could not be fetched (connection timeout). Field was constructed manually. -->
  <marc:datafield tag="700" ind1="1" ind2=" ">
    <marc:subfield code="a">Ajiashvili, Hana,</marc:subfield>
    <marc:subfield code="d">1972-,</marc:subfield>
    <marc:subfield code="e">composer</marc:subfield>
  </marc:datafield>
  <!-- NOTE: Authority 2013069607 could not be fetched (connection timeout). Field was constructed manually. -->
  <marc:datafield tag="700" ind1="1" ind2=" ">
    <marc:subfield code="a">Volniansky, Karel,</marc:subfield>
    <marc:subfield code="d">1965-,</marc:subfield>
    <marc:subfield code="e">composer</marc:subfield>
  </marc:datafield>
  <marc:datafield tag="856" ind1="4" ind2="2">
    <marc:subfield code="3">Finding aid</marc:subfield>
    <marc:subfield code="u">https://archives.iu.edu/catalog/VAE4896_aspace_3d93c4e2c6392944b5237153114d2f85</marc:subfield>
  </marc:datafield>
</marc:record>