
  <marc:record>
  <marc:leader>00000npm a22000007i 4500</marc:leader>
  <marc:controlfield>260616i1964-04-171964-04-19xx                 eng d</marc:controlfield>
  <marc:datafield tag="040" ind1=" " ind2=" ">
    <marc:subfield code="a">IUL</marc:subfield>
    <marc:subfield code="b">eng</marc:subfield>
    <marc:subfield code="e">rda</marc:subfield>
    <marc:subfield code="c">IUL</marc:subfield>
  </marc:datafield>
  <marc:datafield tag="041" ind1=" " ind2=" ">
    <marc:subfield code="a">eng</marc:subfield>
  </marc:datafield>
  <marc:datafield tag="049" ind1=" " ind2=" ">
    <marc:subfield code="a">IULA</marc:subfield>
  </marc:datafield>
  <marc:datafield tag="110" ind1="2" ind2=" ">
    <marc:subfield code="a">American Musicological Society. Midwest Chapter</marc:subfield>
  </marc:datafield>
  <marc:datafield tag="245" ind1="1" ind2="0">
    <marc:subfield code="a">Third Annual Theory Symposium and Midwest Chapter of the American Musicological Society, Spring Meeting.</marc:subfield>
  </marc:datafield>
  <marc:datafield tag="264" ind1=" " ind2="0">
    <marc:subfield code="c">1964-04-17-1964-04-19</marc:subfield>
  </marc:datafield>
  <marc:datafield tag="264" ind1=" " ind2="0">
    <marc:subfield code="c">1964 April 17-19</marc:subfield>
  </marc:datafield>
  <marc:datafield tag="300" ind1=" " ind2=" ">1 item</marc:datafield>
  <marc:datafield tag="506" ind1=" " ind2=" ">
    <marc:subfield code="a">This item is part of a collection that is open for research. Retrieval requires advance notice. Please contact the Cook Music Library to access this item.</marc:subfield>
  </marc:datafield>
  <marc:datafield tag="546" ind1=" " ind2=" ">
    <marc:subfield code="a">English.</marc:subfield>
  </marc:datafield>
  <marc:datafield tag="555" ind1=" " ind2=" ">
    <marc:subfield code="a">Finding aid (work): </marc:subfield>
    <marc:subfield code="u">https://archives.iu.edu/catalog/VAE4896</marc:subfield>
  </marc:datafield>
  <marc:datafield tag="690" ind1=" " ind2="7">
    <marc:subfield code="a">Alice and Hans Tischler Collection.</marc:subfield>
    <marc:subfield code="2">local</marc:subfield>
    <marc:subfield code="5">Inu-MuID</marc:subfield>
  </marc:datafield>
  <marc:datafield tag="856" ind1="4" ind2="2">
    <marc:subfield code="3">Finding aid</marc:subfield>
    <marc:subfield code="u">https://archives.iu.edu/catalog/VAE4896_aspace_dcef062a831a15fc004e7015aacf2ce1</marc:subfield>
  </marc:datafield>
</marc:record>